<record><leader>00000cas a2200000 a 4500</leader><controlfield tag="001">24841073</controlfield><controlfield tag="008">911122d185u1854iluwr ne      0    0eng c</controlfield><datafield ind1=" " ind2=" " tag="010"><subfield code="a">sn 91054786 </subfield></datafield><datafield ind1=" " ind2=" " tag="040"><subfield code="a">NVF</subfield><subfield code="b">eng</subfield><subfield code="c">NVF</subfield><subfield code="d">OCL</subfield><subfield code="d">OCLCQ</subfield><subfield code="d">NVF</subfield><subfield code="d">OCLCQ</subfield><subfield code="d">OCLCF</subfield><subfield code="d">OCLCO</subfield></datafield><datafield ind1="1" ind2=" " tag="029"><subfield code="a">AU@</subfield><subfield code="b">000020226087</subfield></datafield><datafield ind1=" " ind2=" " tag="042"><subfield code="a">pcc</subfield></datafield><datafield ind1=" " ind2=" " tag="043"><subfield code="a">n-us-il</subfield></datafield><datafield ind1="0" ind2="4" tag="245"><subfield code="a">The Weekly western unionist.</subfield></datafield><datafield ind1=" " ind2=" " tag="260"><subfield code="a">Winchester, Ill. :</subfield><subfield code="b">T.H. Ellis,</subfield><subfield code="c">-1854.</subfield></datafield><datafield ind1=" " ind2=" " tag="300"><subfield code="a">v.</subfield></datafield><datafield ind1=" " ind2=" " tag="310"><subfield code="a">Weekly</subfield></datafield><datafield ind1="1" ind2=" " tag="362"><subfield code="a">Ceased Apr. 14, 1854.</subfield></datafield><datafield ind1=" " ind2=" " tag="588"><subfield code="a">Description based on: Vol. 3, no. 8 (Apr. 29, 1853).</subfield></datafield><datafield ind1=" " ind2="0" tag="651"><subfield code="a">Winchester (Ill.)</subfield><subfield code="v">Newspapers.</subfield></datafield><datafield ind1=" " ind2="7" tag="655"><subfield code="a">Newspapers.</subfield><subfield code="2">fast</subfield><subfield code="0">(OCoLC)fst01423814</subfield></datafield><datafield ind1=" " ind2="7" tag="651"><subfield code="a">Illinois</subfield><subfield code="z">Winchester.</subfield><subfield code="2">fast</subfield><subfield code="0">(OCoLC)fst01258226</subfield></datafield><datafield ind1=" " ind2=" " tag="752"><subfield code="a">United States</subfield><subfield code="b">Illinois</subfield><subfield code="c">Scott</subfield><subfield code="d">Winchester.</subfield></datafield><datafield ind1="0" ind2="0" tag="780"><subfield code="t">Western unionist</subfield><subfield code="w">(DLC)sn 91054785</subfield><subfield code="w">(OCoLC)24841015</subfield></datafield><datafield ind1="0" ind2="0" tag="785"><subfield code="t">Illinois Valley register</subfield><subfield code="w">(DLC)sn 91054787</subfield><subfield code="w">(OCoLC)24841103</subfield></datafield></record>